@artic{collaboration2018dune,
    title={The DUNE Far Detector Interim Design Report Volume 1: Physics, Technology and Strategies},
    author={DUNE Collaboration and B. Abi and R. Acciarri and M. A. Acero and M. Adamowski and C. Adams and D. Adams and P. Adamson and M. Adinolfi and Z. Ahmad and et al},
    year={2018},
    eprint={1807.10334},
    archivePrefix={arXiv},
    primaryClass={physics.ins-det}
}